1696 2638
469 433 705 481 INDEX
756 433 852 481 TO

208 585 279 615 Aeli
295 589 431 622 vetusto,
450 593 479 624 3,
499 593 547 626 17.

208 637 355 675 Aequam
371 639 548 671 mementO,
567 642 595 672 2,
613 642 642 674 3.

207 684 292 722 Albi,
310 694 350 714 ne
370 684 492 721 doleas,
514 692 539 721 1,
557 692 607 723 33.

207 733 318 764 Altera
336 734 399 764 iam
415 734 539 770 teritur,
557 733 659 773 Epod.
682 733 728 764 16.

207 785 390 823 Angustam
407 783 511 813 amice
529 782 728 823 pauperiem,
743 789 772 822 3,
787 789 815 812 2.

206 834 260 869 At,
277 843 296 863 o
313 833 460 869 deorum,
478 832 582 872 Epod.
600 839 628 873 5.

206 882 381 919 Audivere,
399 882 496 922 Lyce,
513 890 544 920 4,
565 890 612 921 13.

207 981 372 1012 Bacchum
388 981 422 1011 in
438 981 579 1018 remotis,
598 989 626 1017 2,
647 989 693 1020 19.

207 1032 327 1062 Beatus
343 1031 407 1068 ille,
424 1031 480 1071 qui
496 1030 619 1071 procul,
637 1030 740 1070 Epod.
759 1039 786 1061 2.

206 1130 305 1161 Caelo
321 1130 463 1171 supinas,
481 1138 510 1170 3,
531 1137 581 1169 23.

206 1180 306 1211 Caelo
323 1184 502 1216 tonantem,
521 1187 549 1219 3,
570 1187 597 1220 5.

207 1230 287 1260 Cum
304 1234 349 1266 tu,
366 1229 479 1269 Lydia,
495 1228 644 1269 Telephi,
665 1236 691 1265 1,
713 1237 759 1268 13.

207 1280 270 1309 Cur
285 1289 336 1309 me
354 1278 515 1319 querellis,
530 1287 558 1315 2,
581 1285 628 1318 17.

208 1378 337 1408 Delicta
351 1378 522 1415 maiorum,
544 1385 573 1417 3,
590 1377 619 1408 6.

207 1428 382 1458 Descende
399 1427 501 1464 caelo,
518 1435 548 1467 3,
564 1436 595 1466 4.

208 1477 350 1508 Dianam
366 1482 497 1508 tenerae
515 1477 623 1514 dicite,
644 1485 670 1513 1,
689 1484 738 1508 21.

208 1527 373 1567 Diffugere
391 1527 491 1564 nives,
507 1535 538 1565 4,
556 1535 584 1567 7.

208 1577 303 1614 Dive,
317 1587 413 1618 quem
429 1576 538 1617 proles
553 1575 691 1613 Niobea,
708 1585 738 1614 4,
750 1576 779 1606 6.

208 1626 301 1656 Divis
318 1630 386 1656 orte
403 1626 508 1663 bonis,
524 1635 555 1664 4,
572 1633 601 1666 5.

208 1676 374 1706 Donarem
390 1679 528 1716 pateras,
545 1685 574 1714 4,
592 1674 621 1706 8.

210 1726 324 1756 Donec
341 1730 450 1765 gratus
467 1735 555 1755 eram
570 1724 640 1762 tibi,
657 1733 686 1765 3,
702 1733 732 1764 9.

210 1825 302 1855 Eheu
318 1824 459 1864 fugaces,
478 1832 506 1861 2,
527 1832 574 1862 14.

210 1875 265 1905 Est
281 1873 361 1904 mihi
378 1883 501 1904 nonum
517 1874 709 1914 superantis,
726 1884 757 1914 4,
775 1884 786 1906 1
797 1884 822 1907 1.

210 1924 250 1954 Et
265 1928 336 1954 ture
355 1927 386 1954 et
405 1923 520 1954 fidibus
537 1923 635 1960 iuvat,
657 1933 682 1961 1,
701 1924 750 1964 36.

210 1973 310 2013 Exegi
326 1977 583 2010 monumentum,
601 1982 630 2013 3,
645 1983 694 2014 30.

210 2023 395 2054 Extremem
409 2022 536 2053 Tanain
549 2022 576 2053 si
593 2023 730 2062 biberes,
748 2034 776 2064 3,
797 2034 844 2057 10.

208 2123 319 2154 Faune
334 2123 571 2165 Nympharum,
589 2134 618 2166 3,
639 2125 686 2157 18.

208 2172 304 2204 Festo
321 2173 398 2214 quid
415 2174 525 2214 potius
542 2175 604 2212 die,
618 2183 648 2215 3,
666 2175 715 2206 28.

210 2273 360 2305 Herculis
377 2274 441 2305 ritu
458 2275 557 2305 modo
574 2274 689 2312 dictus,
707 2283 734 2314 3,
756 2283 803 2313 14.

208 2323 354 2354 Horrida
370 2328 558 2365 tempestas,
574 2324 675 2365 Epod.
696 2332 742 2364 13.

903 433 1115 479 FIRST
1165 433 1379 480 LINES

943 583 1015 614 Iam
1031 583 1096 613 iarn
1113 582 1243 620 efficaci,
1259 583 1362 624 Epod.
1383 591 1430 625 17.

945 633 1014 663 Iam
1033 643 1137 673 pauca
1153 638 1270 670 aratro,
1287 641 1317 671 2,
1338 640 1385 675 15.

945 682 1015 712 Iam
1031 682 1108 712 satis
1124 683 1224 719 terris,
1246 690 1272 719 1,
1286 690 1314 714 2.

944 731 1015 762 Iam
1030 732 1112 762 veris
1129 731 1272 770 comites,
1288 741 1319 771 4,
1339 741 1386 763 12.

946 781 1153 811 Ibisliburnis
1162 780 1248 812 inter
1255 782 1336 812 alter
1349 782 1490 820 navium,
1505 782 1603 823 Epod.
1617 790 1641 814 1.
1687 820 1690 821 ⁷

944 830 1022 868 Icci,
1038 831 1143 861 beatis
1159 840 1246 861 nunc
1263 832 1419 868 Arabum,
1438 839 1465 869 1,
1483 840 1532 870 29.

945 880 1005 911 Ille
1022 885 1053 911 et
1066 879 1192 911 nefasto
1209 884 1240 911 te
1257 880 1364 921 posuit
1379 881 1444 919 die,
1460 889 1489 919 2,
1509 889 1557 922 13.

945 930 1069 971 Impios
1088 940 1201 971 parrae
1218 930 1401 968 recinentis,
1417 939 1448 971 3,
1465 938 1516 972 27.

946 980 1109 1011 Inclusam
1126 980 1277 1017 Danaen,
1294 988 1324 1020 3,
1340 979 1388 1012 16.

946 1030 1080 1060 Intactis
1097 1028 1316 1070 oppulentior,
1332 1037 1362 1070 3,
1379 1038 1429 1069 24.

946 1080 1076 1119 Integer
1092 1079 1189 1115 vitae,
1210 1087 1236 1114 1,
1254 1087 1303 1110 22.

947 1129 1142 1166 Intermissa,
1158 1129 1280 1166 Venus,
1300 1129 1365 1166 diu,
1381 1121 1457 1168 4,“1.

947 1179 1069 1209 Iustum
1086 1183 1117 1208 et
1134 1182 1294 1215 tenacem,
1311 1187 1341 1217 3,
1357 1186 1386 1218 3.

948 1278 1142 1308 Laudabunt
1160 1277 1213 1307 alii
1231 1277 1350 1308 claram
1363 1277 1517 1316 Rhodon,
1537 1286 1564 1316 1,
1582 1286 1611 1320 7.

947 1327 1047 1368 Lupis
1063 1332 1094 1357 et
1113 1326 1214 1366 agnis,
1234 1327 1332 1368 Epozl.
1349 1336 1378 1366 4.

948 1377 1060 1416 Lydia,
1077 1376 1141 1413 dic,
1157 1386 1214 1417 per
1231 1386 1354 1414 omnes,
1373 1385 1400 1414 1,
1417 1376 1448 1408 8.

946 1477 1121 1507 Maecenas
1141 1476 1251 1514 atavis,
1271 1484 1297 1514 1,
1318 1484 1343 1508 1.

946 1526 1035 1557 Mala
1050 1526 1156 1557 soluta
1172 1526 1274 1564 navis,
1291 1527 1390 1568 Epod.
1411 1535 1458 1558 10.

945 1576 1072 1607 Martiis
1089 1576 1226 1613 caelebs,
1244 1585 1273 1615 3,
1290 1575 1319 1607 8.

945 1626 1052 1656 Mater
1067 1636 1164 1656 saeva
1179 1626 1387 1666 Cupidinum,
1408 1634 1434 1663 1,
1454 1634 1501 1665 19.

945 1675 1096 1713 Mercuri,
1112 1675 1251 1706 facunde
1268 1685 1380 1716 nepos,
1401 1683 1427 1712 1,
1446 1683 1494 1707 10.

945 1726 1096 1763 Mercuri,
1115 1736 1190 1756 nam
1208 1730 1238 1756 te
1255 1724 1378 1762 docilis,
1396 1733 1425 1765 3,
1445 1733 1492 1757 11.

946 1778 1136 1808 Miserarum
1154 1781 1200 1807 est
1218 1786 1325 1817 neque
1342 1776 1454 1814 amori,
1471 1784 1501 1816 3,
1520 1783 1568 1808 12.

945 1827 1055 1857 Mollis
1072 1827 1187 1858 inertia
1205 1836 1271 1863 cur,
1290 1825 1390 1866 Epod.
1410 1833 1460 1864 14.

946 1877 1108 1907 Montium
1125 1881 1244 1912 custos,
1262 1884 1291 1915 3,
1309 1883 1359 1906 22.

945 1926 1074 1957 Motum
1090 1936 1129 1957 ex
1149 1925 1295 1962 Metelle,
1313 1934 1342 1962 2,
1362 1933 1388 1956 1.

946 1976 1048 2006 Musis
1065 1975 1186 2006 amicus
1201 1974 1372 2011 tristitiam,
1392 1982 1419 2012 1,
1436 1973 1486 2006 26.

944 2077 1039 2107 Natis
1055 2077 1087 2106 in
1104 2087 1197 2107 usum
1215 2075 1370 2112 laetitiae,
1391 2083 1418 2112 1,
1435 2082 1487 2115 27.

944 2127 995 2156 Ne
1014 2126 1093 2156 forte
1111 2127 1232 2162 credas,
1249 2135 1279 2162 4,
1296 2133 1326 2163 9.

943 2176 994 2206 Ne
1011 2176 1050 2206 sit
1066 2175 1204 2206 ancillae
1220 2174 1277 2205 tibi
1293 2183 1394 2211 amor,
1411 2181 1441 2211 2,
1455 2181 1486 2212 4.

943 2225 1036 2255 Nolis
1053 2225 1150 2264 longa
1167 2224 1252 2254 ferae
1270 2223 1365 2260 bella,
1383 2231 1412 2260 2,
1433 2230 1481 2253 12.

942 2275 1101 2306 Nondum
1117 2274 1250 2304 subacta
1267 2273 1359 2310 ferre,
1377 2281 1405 2310 2,
1422 2279 1452 2314 5.

943 2324 1020 2354 Non
1037 2324 1117 2355 ebur
1134 2333 1240 2364 neque
1257 2331 1400 2359 aureum,
1418 2329 1446 2358 2,
1467 2319 1515 2352 18.

893 2376 961 2418 464

1662 90 1666 91 ,
1654 0 1672 46 σε.
